<?xml version="1.0" encoding="UTF-8"?><collection xmlns="http://www.loc.gov/MARC21/slim"><record><leader>00381nam--2200121-i-4500</leader><controlfield tag="001">000004165</controlfield><controlfield tag="002">20161230</controlfield><controlfield tag="005">20161230201025</controlfield><controlfield tag="008">060222s1000------------r-----000-0-eng-d</controlfield><datafield ind1=" " ind2=" " tag="100"><subfield code="a">Abraham, Max</subfield></datafield><datafield ind1=" " ind2=" " tag="245"><subfield code="a">The classical theory of electricity and magne tism. revised by richard becker. translation by john dougall</subfield></datafield><datafield ind1=" " ind2=" " tag="260"><subfield code="a">New York, Hafner Publ. Co., 1932 Xiv+285 P</subfield></datafield><datafield ind1=" " ind2=" " tag="852"><subfield code="a">2231</subfield></datafield></record></collection>